% Encoding: UTF-8

@Article{ jw2021 ,
  author  = {Johannes Welbl∗},
  title   = {Challenges in Detoxifying Language Models},
  journal = {arXiv:2109.07445v1},
  year    = {2021},
}

@Article{KGK2016 ,
  author  = {Ian Goodfellow, Yoshua Bengio, Aaron Courville},
  title   = {Deep Learning},
  journal = {MIT Press},
  year    = {2016},
}

@Article{ jd2019  ,
  author  = {Jacob Devlin, Ming-Wei Chang , Kenton Lee , Kristina Toutanova},
  title   = {BERT: Pre-training of Deep Bidirectional Transformers for
Language Understanding},
  journal = {arXiv:1810.04805.},
  year    = {2019},
}
@Article{TB2016  ,
  author  = {Tolga Bolukbasi1, Kai-Wei Chang, James Zou, Venkatesh Saligrama, Adam Kalai},
  title   = {Man is to Computer Programmer as Woman is to
Homemaker? Debiasing Word Embeddings},
  journal = {n Advances in neural information processing systems},
  year    = {2016},
}
@Article{dh2016  ,
  author  = {Dirk Hovy, Shannon L. Spruit},
  title   = {The Social Impact of Natural Language Processing},
  journal = { In Proceedings of the 54th Annual Meeting of the Association for Computational Linguistics },
  year    = {2016},
}
@Article{ ha2017 ,
  author  = {Hunt Allcott, Matthew Gentzkow},
  title   = {Social Media and Fake News in the 2016 Election},
  journal = {Journal of Economic Perspectives},
  year    = {2017},
}

@Article{ na2023 ,
  author  = {Noble Ackerson},
  title   = {GPT Is an Unreliable Information Store},
  journal = {Towards Data Science},
  year    = {2023},
}
@Article{kk2019  ,
  author  = {Keita Kurita, Nidhi Vyas, Ayush Pareek, Alan W Black , Yulia Tsve},
  title   = {Measuring Bias in Contextualized Word Representations},
  journal = {First Workshop on Gender Bias in Natural Language Processing},
  year    = {2019},
}
@Article{ld2018  ,
  author  = {Lucas Dixon},
  title   = {Measuring and Mitigating Unintended Bias
in Text Classification},
  journal = {AIES’18},
  year    = {2018},
}
@Article{opa2016  ,
  author  = {Olaoluwa Phillip Anifowose},
  title   = {Identifying Controversial Topics in
Large-scale Social Media Data},
  journal = {Master’s Thesis},
  year    = {2016},
}
@Article{tdd2017  ,
  author  = {Thomas Davidson,Dana Warmsley,Michael Macy,Ingmar Weber},
  title   = {Automated Hate Speech Detection and the Problem of Offensive Language},
  journal = {Eleventh International AAAI Conference on Web and Social Media },
  year    = {2017},
}
